%!Tex Program = xelatex
% -*-coding: utf-8 -*-

 @article{GOstats,
    author = {S Falcon and R Gentleman},
    title = {Using {G}{O}stats to test gene lists for {G}{O} term association.},
    journal = {Bioinformatics},
    year = {2007},
    volume = {23},
    number = {2},
    pages = {257-8}
  }

 @article{bioconductor,
    author = {Robert C Gentleman and Vincent J. Carey and Douglas M. Bates and {others}},
    title = {Bioconductor: Open software development for computational biology and bioinformatics},
    journal = {Genome Biology},
    volume = {5},
    year = {2004},
    pages = {R80}
  }


@article{grubb2006glucosinolate,
  title={Glucosinolate metabolism and its control},
  author={Grubb, C Douglas and Abel, Steffen},
  journal={Trends in plant science},
  volume={11},
  number={2},
  pages={89--100},
  year={2006},
  publisher={Elsevier}
}
